<record><leader>00000cas a22000007a 4500</leader><controlfield tag="001">22291305</controlfield><controlfield tag="008">900829d19011929couwr ne      0    0eng d</controlfield><datafield ind1=" " ind2=" " tag="010"><subfield code="a">sn 90051568 </subfield></datafield><datafield ind1=" " ind2=" " tag="040"><subfield code="a">CNQ</subfield><subfield code="b">eng</subfield><subfield code="c">CNQ</subfield><subfield code="d">OCLCQ</subfield></datafield><datafield ind1=" " ind2=" " tag="042"><subfield code="a">msc</subfield></datafield><datafield ind1="0" ind2=" " tag="130"><subfield code="a">Gunnison republican (Gunnison, Colo. : 1901)</subfield></datafield><datafield ind1="1" ind2="4" tag="245"><subfield code="a">The Gunnison republican.</subfield></datafield><datafield ind1=" " ind2=" " tag="260"><subfield code="a">Gunnison, Colo. :</subfield><subfield code="b">E.B. Lore</subfield></datafield><datafield ind1=" " ind2=" " tag="300"><subfield code="a">v.</subfield></datafield><datafield ind1=" " ind2=" " tag="310"><subfield code="a">Weekly</subfield></datafield><datafield ind1="0" ind2=" " tag="362"><subfield code="a">Vol. 1, no. 1 (Jan. 3, 1901)-v. 30, no. 25 (Aug. 8, 1929).</subfield></datafield><datafield ind1=" " ind2=" " tag="530"><subfield code="a">Available on microfilm from the Colorado Historical Society.</subfield></datafield><datafield ind1=" " ind2=" " tag="752"><subfield code="a">United States</subfield><subfield code="b">Colorado</subfield><subfield code="c">Gunnison</subfield><subfield code="d">Gunnison.</subfield></datafield><datafield ind1="0" ind2="7" tag="785"><subfield code="t">Pitkin miner</subfield><subfield code="w">(DLC)sn 90051450</subfield></datafield><datafield ind1="0" ind2="7" tag="785"><subfield code="t">Gunnison republican and Pitkin miner</subfield><subfield code="w">(DLC)sn 90051569</subfield></datafield></record>